@article{unwto_resumen,
	author    = "UNWTO",
	title     = "Panoráma OMT del turismo internacional",
	year = {2017}
}
@misc{overpass,
	title="Overpass Turbo",
	url="\url{https://overpass-turbo.eu/}"
}
@misc{openstreetmap,
	title="OpenStreetMap",
	url="\url{https://www.openstreetmap.org/#map=6/40.007/-2.488}"
}
@misc{openstreetmap_doc,
	title="Documentación de OpenStreetMap",
	url="\url{https://wiki.openstreetmap.org/wiki/Tags}"
}
@misc{osmr,
	title="OSMR Project",
	url="\url{http://project-osrm.org/}"
}
@misc{osmr_doc,
	title="Documentación OSMR",
	url="\url{http://project-osrm.org/}"
}
@misc{osmr_backend,
	title="Github OSMR",
	url="\url{https://github.com/Project-OSRM/osrm-backend}"
}
@misc{directions_api,
	title="Google Maps Directions API",
	url="\url{https://developers.google.com/maps/documentation/directions/intro?hl=es-419}"
}
@misc{decode_polyline,
	title="Tutorial decodificar polyline Google Directions API",
	url="\url{https://developers.google.com/maps/documentation/utilities/polylinealgorithm?hl=es-419}"
}